<?xml version="1.0" encoding="UTF-8"?><record xmlns="http://www.loc.gov/MARC21/slim" xmlns:cinclude="http://apache.org/cocoon/include/1.0" xmlns:zs="http://www.loc.gov/zing/srw/">
  <leader>00483nz  a2200145n  4500</leader>
  <controlfield tag="001">no 95020901 </controlfield>
  <controlfield tag="003">DLC</controlfield>
  <controlfield tag="005">19950428053224.6</controlfield>
  <controlfield tag="008">950427n| acannaab|          |n aaa     c</controlfield>
  <datafield tag="010" ind1=" " ind2=" ">
    <subfield code="a">no 95020901 </subfield>
  </datafield>
  <datafield tag="035" ind1=" " ind2=" ">
    <subfield code="a">(OCoLC)oca03824225 </subfield>
  </datafield>
  <datafield tag="040" ind1=" " ind2=" ">
    <subfield code="a">PSC-Hi</subfield>
    <subfield code="c">PSC-Hi</subfield>
  </datafield>
  <datafield tag="100" ind1="1" ind2="0">
    <subfield code="a">Redman, Thomas,</subfield>
    <subfield code="d">1742-1823</subfield>
  </datafield>
  <datafield tag="670" ind1=" " ind2=" ">
    <subfield code="a">His Family papers, 1742-1823</subfield>
    <subfield code="b">(Thomas Redman)</subfield>
  </datafield>
  <datafield tag="670" ind1=" " ind2=" ">
    <subfield code="a">PSC-Hi files</subfield>
    <subfield code="b">(Thomas Redman; s. Thomas and Hanah Gil Redman; b. 1742; m. Rebecca White; d. 1823; New Jersey Quaker)</subfield>
  </datafield>
</record>